<?xml version="1.0" encoding="UTF-8"?><collection xmlns="http://www.loc.gov/MARC21/slim"><record><leader>00431nam--2200145-i-4500</leader><controlfield tag="001">000041557</controlfield><controlfield tag="002">20161230</controlfield><controlfield tag="005">20161230201043</controlfield><controlfield tag="008">060222s1000------------r-----000-0-eng-d</controlfield><datafield ind1=" " ind2=" " tag="080"><subfield code="a">620.1</subfield></datafield><datafield ind1=" " ind2=" " tag="100"><subfield code="a">Sierakovski,R.L. And Vinson,J.R</subfield></datafield><datafield ind1=" " ind2=" " tag="245"><subfield code="a">The behavior of structures composed of composite materials</subfield></datafield><datafield ind1=" " ind2=" " tag="260"><subfield code="a">Dordrecht, Martinus Nijhoff Publ.,1986. Xi + 323 P</subfield></datafield><datafield ind1=" " ind2=" " tag="490"><subfield code="a">Mechanics Of Structural Systems</subfield></datafield><datafield ind1=" " ind2=" " tag="852"><subfield code="a">73180</subfield></datafield></record></collection>